@inproceedings{Monrose:1997:AVK:266420.266434,
    author	  = {Monrose, Fabian and Rubin, Aviel},
    title     = {Authentication via Keystroke Dynamics},
    booktitle = {Proceedings of the 4th ACM Conference on Computer and Communications Security},
    series	  = {CCS '97},
    year      = {1997},
    isbn      = {0-89791-912-2},
    location  = {Zurich, Switzerland},
    pages     = {48--56},
    numpages  = {9},
    url       = {http://doi.acm.org/10.1145/266420.266434},
    doi       = {10.1145/266420.266434},
    acmid     = {266434},
    publisher = {ACM},
    address   = {New York, NY, USA},
}

@article{peacock2004,
    author   = {A. Peacock and X. Ke and M. Wilkerson},
    journal  = {IEEE Security & Privacy},
    title    = {Typing Patterns: A Key to User Identification},
    year     = {2004},
    volume   = {2},
    number   = {},
    pages    = {40-47},
    keywords = {Biometrics; Keystroke; Typing; User Identification; User Authentication; network-level security and protection; Security and Privacy Protection; Security; Intellectual Property; Authentication; Authentication; Pattern Recognition},
    doi      = {10.1109/MSP.2004.89},
    url      = {doi.ieeecomputersociety.org/10.1109/MSP.2004.89},
    ISSN     = {1540-7993},
    month    = {09}
}

@article{Gunetti:2005:KAF:1085126.1085129,
    author     = {Gunetti, Daniele and Picardi, Claudia},
    title      = {Keystroke Analysis of Free Text},
    journal    = {ACM Trans. Inf. Syst. Secur.},
    issue_date = {August 2005},
    volume     = {8},
    number     = {3},
    month      = aug,
    year       = {2005},
    issn       = {1094-9224},
    pages      = {312--347},
    numpages   = {36},
    url        = {http://doi.acm.org/10.1145/1085126.1085129},
    doi        = {10.1145/1085126.1085129},
    acmid      = {1085129},
    publisher  = {ACM},
    address    = {New York, NY, USA},
    keywords   = {Biometric techniques, identity verification, keystroke analysis of free text},
}

@inproceedings{buchoux2008deployment,
    title     = {Deployment of keystroke analysis on a smartphone},
    author    = {Buchoux, Arnaud and Clarke, N L},
    booktitle = {Australian Information Security Management Conference},
    pages     = {48},
    year      = {2008}
}

@article{Hu2008AKN,
    title   = {A k-Nearest Neighbor Approach for User Authentication through Biometric Keystroke Dynamics},
    author  = {Jiankun Hu and Don Gingrich and Andy Sentosa},
    journal = {2008 IEEE International Conference on Communications},
    year    = {2008},
    pages   = {1556-1560}
}

@inproceedings{5270346,
    author    = {K. S. Killourhy and R. A. Maxion},
    booktitle = {2009 IEEE/IFIP International Conference on Dependable Systems Networks},
    title     = {Comparing anomaly-detection algorithms for keystroke dynamics},
    year      = {2009},
    volume    = {},
    number    = {},
    pages     = {125-134},
    keywords  = {security of data;anomaly-detection algorithm;keystroke dynamics;pattern-recognition;Heuristic algorithms;Detectors;Rhythm;Error analysis;Laboratories;Computer science;Algorithm design and analysis;Benchmark testing;Security;Biometrics},
    doi       = {10.1109/DSN.2009.5270346},
    ISSN      = {1530-0889},
    month     = {June}
}

@inproceedings{giot:hal-00432768,
    TITLE       = {GREYC Keystroke: a Benchmark for Keystroke Dynamics Biometric Systems},
    AUTHOR      = {Giot, Romain and El-Abed, Mohamad and Rosenberger, Christophe},
    URL         = {https://hal.archives-ouvertes.fr/hal-00432768},
    BOOKTITLE   = {{IEEE International Conference on Biometrics: Theory, Applications and Systems (BTAS 2009)}},
    ADDRESS     = {Washington, United States},
    PUBLISHER   = {{IEEE Computer Society}},
    PAGES       = {6},
    YEAR        = {2009},
    MONTH       = Sep,
    DOI         = {10.1109/BTAS.2009.5339051},
    KEYWORDS    = {biometrics ; keystroke dynamics ; benchmark},
    PDF         = {https://hal.archives-ouvertes.fr/hal-00432768/file/keystroke_benchmark.pdf},
    HAL_ID      = {hal-00432768},
    HAL_VERSION = {v1},
}

@INPROCEEDINGS{5339028,
    author    = {R. Giot and M. El-Abed and C. Rosenberger},
    booktitle = {2009 IEEE 3rd International Conference on Biometrics: Theory, Applications, and Systems},
    title     = {Keystroke dynamics with low constraints SVM based passphrase enrollment},
    year      = {2009},
    volume    = {},
    number    = {},
    pages     = {1-6},
    keywords  = {biometrics (access control);message authentication;support vector machines;keystroke dynamics;low constraints SVM based passphrase enrollment;biometric systems;SVM learning;GREYC keystroke benchmark;Support vector machines;Biometrics;Authentication;Feature extraction;Timing;Hidden Markov models;Biological materials;Benchmark testing;Control systems;Resource management},
    doi       = {10.1109/BTAS.2009.5339028},
    ISSN      = {},
    month     = {Sept},
}

@INPROCEEDINGS{6274117,
    author    = {R. Giot and M. El-Abed and C. Rosenberger},
    booktitle = {2012 Eighth International Conference on Intelligent Information Hiding and Multimedia Signal Processing},
    title     = {Web-Based Benchmark for Keystroke Dynamics Biometric Systems: A Statistical Analysis},
    year      = {2012},
    volume    = {},
    number    = {},
    pages     = {11-15},
    keywords  = {biometrics (access control);Internet;message authentication;statistical analysis;Web-based benchmark;keystroke dynamics biometric systems;statistical analysis;acquisition protocols;private datasets;Web-based uncontrolled environment;passwords;logins;fusion schemes;Authentication;Browsers;Entropy;Feature extraction;Databases;Complexity theory;Conferences;keystroke dynamics;dataset;statistical analysis},
    doi       = {10.1109/IIH-MSP.2012.10},
    ISSN      = {},
    month     = {July},
}

@phdthesis{giot:tel-00748915,
    TITLE       = {{Contribution to keystroke dynamics: multibiometrics, soft biometrics and template update}},
    AUTHOR      = {Giot, Romain},
    URL         = {https://tel.archives-ouvertes.fr/tel-00748915},
    SCHOOL      = {{Universit{\'e} de Caen}},
    YEAR        = {2012},
    MONTH       = Oct,
    KEYWORDS    = {Biometrics ; Keystroke Dynamics ; Template update ; Evolutionnary computing ; Information fusion ; Biom{\'e}trie ; Dynamique de frappe au clavier ; Mise {\`a} jour de la r{\'e}f{\'e}rence ; Algorithmes {\'e}volutionnaires ; Fusion d'information},
    TYPE        = {Theses},
    PDF         = {https://tel.archives-ouvertes.fr/tel-00748915/file/PhD_giot.pdf},
    HAL_ID      = {tel-00748915},
    HAL_VERSION = {v1},
}

@article{giot:hal-01168513,
    TITLE       = {{A Review on the Public Benchmark Databases for Static Keystroke Dynamics}},
    AUTHOR      = {Giot, Romain and Dorizzi, Bernadette and Rosenberger, Christophe},
    URL         = {https://hal.archives-ouvertes.fr/hal-01168513},
    JOURNAL     = {{Computers and Security}},
    PUBLISHER   = {{Elsevier}},
    PAGES       = {1-35},
    YEAR        = {2015},
    MONTH       = Jun,
    KEYWORDS    = {keystroke dynamics ; benchmark algorithms ; biometric performance evaluation ; online and offline computation},
    PDF         = {https://hal.archives-ouvertes.fr/hal-01168513/file/Revised%20version.pdf},
    HAL_ID      = {hal-01168513},
    HAL_VERSION = {v1},
}


@inproceedings{panasiuk:hal-01637458,
    TITLE       = {{A Multimodal Biometric User Identification System Based on Keystroke Dynamics and Mouse Movements}},
    AUTHOR      = {Panasiuk, Piotr and Szymkowski, Maciej and DÄ…browski, Marcin and Saeed, Khalid},
    URL         = {https://hal.inria.fr/hal-01637458},
    NOTE        = {Part 9: Biometrics, Identification, Security},
    BOOKTITLE   = {{15th IFIP International Conference on Computer Information Systems and Industrial Management (CISIM)}},
    ADDRESS     = {Vilnius, Lithuania},
    EDITOR      = {Khalid Saeed and Wladyslaw Homenda},
    PUBLISHER   = {{Springer International Publishing}},
    SERIES      = {Computer Information Systems and Industrial Management},
    VOLUME      = {LNCS-9842},
    PAGES       = {672-681},
    YEAR        = {2016},
    MONTH       = Sep,
    DOI         = {10.1007/978-3-319-45378-1\_58},
    KEYWORDS    = {Keystroke dynamics ; Mouse ; Biometrics ; Behavioral biometrics ; Authentication ; Systems security ; Multibiometrics ; Fusion ; Multimodal system},
    PDF         = {https://hal.inria.fr/hal-01637458/file/419526_1_En_58_Chapter.pdf},
    HAL_ID      = {hal-01637458},
    HAL_VERSION = {v1},
}
